%YAML 1.1
%TAG !u! tag:unity3d.com,2011:
--- !u!29 &1
OcclusionCullingSettings:
  m_ObjectHideFlags: 0
  serializedVersion: 2
  m_OcclusionBakeSettings:
    smallestOccluder: 5
    smallestHole: 0.25
    backfaceThreshold: 100
  m_SceneGUID: 00000000000000000000000000000000
  m_OcclusionCullingData: {fileID: 0}
--- !u!104 &2
RenderSettings:
  m_ObjectHideFlags: 0
  serializedVersion: 9
  m_Fog: 0
  m_FogColor: {r: 0.5, g: 0.5, b: 0.5, a: 1}
  m_FogMode: 3
  m_FogDensity: 0.01
  m_LinearFogStart: 0
  m_LinearFogEnd: 300
  m_AmbientSkyColor: {r: 0.212, g: 0.227, b: 0.259, a: 1}
  m_AmbientEquatorColor: {r: 0.114, g: 0.125, b: 0.133, a: 1}
  m_AmbientGroundColor: {r: 0.047, g: 0.043, b: 0.035, a: 1}
  m_AmbientIntensity: 1
  m_AmbientMode: 0
  m_SubtractiveShadowColor: {r: 0.42, g: 0.478, b: 0.627, a: 1}
  m_SkyboxMaterial: {fileID: 10304, guid: 0000000000000000f000000000000000, type: 0}
  m_HaloStrength: 0.5
  m_FlareStrength: 1
  m_FlareFadeSpeed: 3
  m_HaloTexture: {fileID: 0}
  m_SpotCookie: {fileID: 10001, guid: 0000000000000000e000000000000000, type: 0}
  m_DefaultReflectionMode: 0
  m_DefaultReflectionResolution: 128
  m_ReflectionBounces: 1
  m_ReflectionIntensity: 1
  m_CustomReflection: {fileID: 0}
  m_Sun: {fileID: 705507994}
  m_IndirectSpecularColor: {r: 0, g: 0, b: 0, a: 1}
  m_UseRadianceAmbientProbe: 0
--- !u!157 &3
LightmapSettings:
  m_ObjectHideFlags: 0
  serializedVersion: 11
  m_GIWorkflowMode: 1
  m_GISettings:
    serializedVersion: 2
    m_BounceScale: 1
    m_IndirectOutputScale: 1
    m_AlbedoBoost: 1
    m_EnvironmentLightingMode: 0
    m_EnableBakedLightmaps: 1
    m_EnableRealtimeLightmaps: 0
  m_LightmapEditorSettings:
    serializedVersion: 12
    m_Resolution: 2
    m_BakeResolution: 40
    m_AtlasSize: 1024
    m_AO: 0
    m_AOMaxDistance: 1
    m_CompAOExponent: 1
    m_CompAOExponentDirect: 0
    m_ExtractAmbientOcclusion: 0
    m_Padding: 2
    m_LightmapParameters: {fileID: 0}
    m_LightmapsBakeMode: 1
    m_TextureCompression: 1
    m_FinalGather: 0
    m_FinalGatherFiltering: 1
    m_FinalGatherRayCount: 256
    m_ReflectionCompression: 2
    m_MixedBakeMode: 2
    m_BakeBackend: 1
    m_PVRSampling: 1
    m_PVRDirectSampleCount: 32
    m_PVRSampleCount: 500
    m_PVRBounces: 2
    m_PVREnvironmentSampleCount: 500
    m_PVREnvironmentReferencePointCount: 2048
    m_PVRFilteringMode: 2
    m_PVRDenoiserTypeDirect: 0
    m_PVRDenoiserTypeIndirect: 0
    m_PVRDenoiserTypeAO: 0
    m_PVRFilterTypeDirect: 0
    m_PVRFilterTypeIndirect: 0
    m_PVRFilterTypeAO: 0
    m_PVREnvironmentMIS: 0
    m_PVRCulling: 1
    m_PVRFilteringGaussRadiusDirect: 1
    m_PVRFilteringGaussRadiusIndirect: 5
    m_PVRFilteringGaussRadiusAO: 2
    m_PVRFilteringAtrousPositionSigmaDirect: 0.5
    m_PVRFilteringAtrousPositionSigmaIndirect: 2
    m_PVRFilteringAtrousPositionSigmaAO: 1
    m_ExportTrainingData: 0
    m_TrainingDataDestination: TrainingData
    m_LightProbeSampleCountMultiplier: 4
  m_LightingDataAsset: {fileID: 0}
  m_UseShadowmask: 1
--- !u!196 &4
NavMeshSettings:
  serializedVersion: 2
  m_ObjectHideFlags: 0
  m_BuildSettings:
    serializedVersion: 2
    agentTypeID: 0
    agentRadius: 0.5
    agentHeight: 2
    agentSlope: 45
    agentClimb: 0.4
    ledgeDropHeight: 0
    maxJumpAcrossDistance: 0
    minRegionArea: 2
    manualCellSize: 0
    cellSize: 0.16666667
    manualTileSize: 0
    tileSize: 256
    accuratePlacement: 0
    debug:
      m_Flags: 0
  m_NavMeshData: {fileID: 0}
--- !u!224 &76571342 stripped
RectTransform:
  m_CorrespondingSourceObject: {fileID: 5273751791656870511, guid: e33fa8a6510daf04f8d5098aa4db1eaa,
    type: 3}
  m_PrefabInstance: {fileID: 5273751791599206561}
  m_PrefabAsset: {fileID: 0}
--- !u!1 &126188589
GameObject:
  m_ObjectHideFlags: 0
  m_CorrespondingSourceObject: {fileID: 0}
  m_PrefabInstance: {fileID: 0}
  m_PrefabAsset: {fileID: 0}
  serializedVersion: 6
  m_Component:
  - component: {fileID: 126188590}
  - component: {fileID: 126188591}
  - component: {fileID: 126188593}
  - component: {fileID: 126188592}
  - component: {fileID: 126188595}
  - component: {fileID: 126188594}
  m_Layer: 0
  m_Name: _SelectionManager
  m_TagString: Untagged
  m_Icon: {fileID: 0}
  m_NavMeshLayer: 0
  m_StaticEditorFlags: 0
  m_IsActive: 1
--- !u!4 &126188590
Transform:
  m_ObjectHideFlags: 0
  m_CorrespondingSourceObject: {fileID: 0}
  m_PrefabInstance: {fileID: 0}
  m_PrefabAsset: {fileID: 0}
  m_GameObject: {fileID: 126188589}
  m_LocalRotation: {x: 0, y: 0, z: 0, w: 1}
  m_LocalPosition: {x: -1.7262783, y: 1.425556, z: -9.951601}
  m_LocalScale: {x: 1, y: 1, z: 1}
  m_Children:
  - {fileID: 327171230}
  - {fileID: 1814518381}
  - {fileID: 1505734105}
  m_Father: {fileID: 0}
  m_RootOrder: 0
  m_LocalEulerAnglesHint: {x: 0, y: 0, z: 0}
--- !u!114 &126188591
MonoBehaviour:
  m_ObjectHideFlags: 0
  m_CorrespondingSourceObject: {fileID: 0}
  m_PrefabInstance: {fileID: 0}
  m_PrefabAsset: {fileID: 0}
  m_GameObject: {fileID: 126188589}
  m_Enabled: 1
  m_EditorHideFlags: 0
  m_Script: {fileID: 11500000, guid: 1f41fa77a19a5a842b815873f3c16f53, type: 3}
  m_Name: 
  m_EditorClassIdentifier: 
--- !u!114 &126188592
MonoBehaviour:
  m_ObjectHideFlags: 0
  m_CorrespondingSourceObject: {fileID: 0}
  m_PrefabInstance: {fileID: 0}
  m_PrefabAsset: {fileID: 0}
  m_GameObject: {fileID: 126188589}
  m_Enabled: 1
  m_EditorHideFlags: 0
  m_Script: {fileID: 11500000, guid: 520d08e58e735f446aa23d8aa2ff4973, type: 3}
  m_Name: 
  m_EditorClassIdentifier: 
  selections:
  - {fileID: 327171229}
  - {fileID: 1814518380}
  - {fileID: 1505734104}
--- !u!114 &126188593
MonoBehaviour:
  m_ObjectHideFlags: 0
  m_CorrespondingSourceObject: {fileID: 0}
  m_PrefabInstance: {fileID: 0}
  m_PrefabAsset: {fileID: 0}
  m_GameObject: {fileID: 126188589}
  m_Enabled: 1
  m_EditorHideFlags: 0
  m_Script: {fileID: 11500000, guid: 6d95e8e3a2394655ad658f8a23114064, type: 3}
  m_Name: 
  m_EditorClassIdentifier: 
  MaxRaycastDistance: {fileID: 11400000, guid: 63afcec56d47a2743a5f7cc1ef509315, type: 2}
  TargetLayer:
    serializedVersion: 2
    m_Bits: 256
--- !u!114 &126188594
MonoBehaviour:
  m_ObjectHideFlags: 0
  m_CorrespondingSourceObject: {fileID: 0}
  m_PrefabInstance: {fileID: 0}
  m_PrefabAsset: {fileID: 0}
  m_GameObject: {fileID: 126188589}
  m_Enabled: 1
  m_EditorHideFlags: 0
  m_Script: {fileID: 11500000, guid: 0d5c85f48b4568e4980a4ec37611c679, type: 3}
  m_Name: 
  m_EditorClassIdentifier: 
--- !u!114 &126188595
MonoBehaviour:
  m_ObjectHideFlags: 0
  m_CorrespondingSourceObject: {fileID: 0}
  m_PrefabInstance: {fileID: 0}
  m_PrefabAsset: {fileID: 0}
  m_GameObject: {fileID: 126188589}
  m_Enabled: 1
  m_EditorHideFlags: 0
  m_Script: {fileID: 11500000, guid: d0734dcf4e089494390510ff738a57b8, type: 3}
  m_Name: 
  m_EditorClassIdentifier: 
  button: {fileID: 448199364}
--- !u!1001 &327171228
PrefabInstance:
  m_ObjectHideFlags: 0
  serializedVersion: 2
  m_Modification:
    m_TransformParent: {fileID: 126188590}
    m_Modifications:
    - target: {fileID: 9062477565122373930, guid: 278c2d2df06b92946b7fec2d75a75e8b,
        type: 3}
      propertyPath: m_LocalPosition.x
      value: 0
      objectReference: {fileID: 0}
    - target: {fileID: 9062477565122373930, guid: 278c2d2df06b92946b7fec2d75a75e8b,
        type: 3}
      propertyPath: m_LocalPosition.y
      value: 0
      objectReference: {fileID: 0}
    - target: {fileID: 9062477565122373930, guid: 278c2d2df06b92946b7fec2d75a75e8b,
        type: 3}
      propertyPath: m_LocalPosition.z
      value: 0
      objectReference: {fileID: 0}
    - target: {fileID: 9062477565122373930, guid: 278c2d2df06b92946b7fec2d75a75e8b,
        type: 3}
      propertyPath: m_LocalRotation.x
      value: 0
      objectReference: {fileID: 0}
    - target: {fileID: 9062477565122373930, guid: 278c2d2df06b92946b7fec2d75a75e8b,
        type: 3}
      propertyPath: m_LocalRotation.y
      value: 0
      objectReference: {fileID: 0}
    - target: {fileID: 9062477565122373930, guid: 278c2d2df06b92946b7fec2d75a75e8b,
        type: 3}
      propertyPath: m_LocalRotation.z
      value: 0
      objectReference: {fileID: 0}
    - target: {fileID: 9062477565122373930, guid: 278c2d2df06b92946b7fec2d75a75e8b,
        type: 3}
      propertyPath: m_LocalRotation.w
      value: 1
      objectReference: {fileID: 0}
    - target: {fileID: 9062477565122373930, guid: 278c2d2df06b92946b7fec2d75a75e8b,
        type: 3}
      propertyPath: m_RootOrder
      value: 0
      objectReference: {fileID: 0}
    - target: {fileID: 9062477565122373930, guid: 278c2d2df06b92946b7fec2d75a75e8b,
        type: 3}
      propertyPath: m_LocalEulerAnglesHint.x
      value: 0
      objectReference: {fileID: 0}
    - target: {fileID: 9062477565122373930, guid: 278c2d2df06b92946b7fec2d75a75e8b,
        type: 3}
      propertyPath: m_LocalEulerAnglesHint.y
      value: 0
      objectReference: {fileID: 0}
    - target: {fileID: 9062477565122373930, guid: 278c2d2df06b92946b7fec2d75a75e8b,
        type: 3}
      propertyPath: m_LocalEulerAnglesHint.z
      value: 0
      objectReference: {fileID: 0}
    - target: {fileID: 9062477565122373931, guid: 278c2d2df06b92946b7fec2d75a75e8b,
        type: 3}
      propertyPath: m_Name
      value: SelectionOutline
      objectReference: {fileID: 0}
    m_RemovedComponents: []
  m_SourcePrefab: {fileID: 100100000, guid: 278c2d2df06b92946b7fec2d75a75e8b, type: 3}
--- !u!1 &327171229 stripped
GameObject:
  m_CorrespondingSourceObject: {fileID: 9062477565122373931, guid: 278c2d2df06b92946b7fec2d75a75e8b,
    type: 3}
  m_PrefabInstance: {fileID: 327171228}
  m_PrefabAsset: {fileID: 0}
--- !u!4 &327171230 stripped
Transform:
  m_CorrespondingSourceObject: {fileID: 9062477565122373930, guid: 278c2d2df06b92946b7fec2d75a75e8b,
    type: 3}
  m_PrefabInstance: {fileID: 327171228}
  m_PrefabAsset: {fileID: 0}
--- !u!224 &448199363 stripped
RectTransform:
  m_CorrespondingSourceObject: {fileID: 3730556003969397928, guid: 8b4fcf2cfac4c044aaa192e90d2794aa,
    type: 3}
  m_PrefabInstance: {fileID: 3730556003813232235}
  m_PrefabAsset: {fileID: 0}
--- !u!114 &448199364 stripped
MonoBehaviour:
  m_CorrespondingSourceObject: {fileID: 3730556003969397935, guid: 8b4fcf2cfac4c044aaa192e90d2794aa,
    type: 3}
  m_PrefabInstance: {fileID: 3730556003813232235}
  m_PrefabAsset: {fileID: 0}
  m_GameObject: {fileID: 0}
  m_Enabled: 1
  m_EditorHideFlags: 0
  m_Script: {fileID: 11500000, guid: 4e29b1a8efbd4b44bb3f3716e73f07ff, type: 3}
  m_Name: 
  m_EditorClassIdentifier: 
--- !u!1 &705507993
GameObject:
  m_ObjectHideFlags: 0
  m_CorrespondingSourceObject: {fileID: 0}
  m_PrefabInstance: {fileID: 0}
  m_PrefabAsset: {fileID: 0}
  serializedVersion: 6
  m_Component:
  - component: {fileID: 705507995}
  - component: {fileID: 705507994}
  m_Layer: 0
  m_Name: Directional Light
  m_TagString: Untagged
  m_Icon: {fileID: 0}
  m_NavMeshLayer: 0
  m_StaticEditorFlags: 0
  m_IsActive: 1
--- !u!108 &705507994
Light:
  m_ObjectHideFlags: 0
  m_CorrespondingSourceObject: {fileID: 0}
  m_PrefabInstance: {fileID: 0}
  m_PrefabAsset: {fileID: 0}
  m_GameObject: {fileID: 705507993}
  m_Enabled: 1
  serializedVersion: 10
  m_Type: 1
  m_Shape: 0
  m_Color: {r: 1, g: 0.95686275, b: 0.8392157, a: 1}
  m_Intensity: 1
  m_Range: 10
  m_SpotAngle: 30
  m_InnerSpotAngle: 21.80208
  m_CookieSize: 10
  m_Shadows:
    m_Type: 2
    m_Resolution: -1
    m_CustomResolution: -1
    m_Strength: 1
    m_Bias: 0.05
    m_NormalBias: 0.4
    m_NearPlane: 0.2
    m_CullingMatrixOverride:
      e00: 1
      e01: 0
      e02: 0
      e03: 0
      e10: 0
      e11: 1
      e12: 0
      e13: 0
      e20: 0
      e21: 0
      e22: 1
      e23: 0
      e30: 0
      e31: 0
      e32: 0
      e33: 1
    m_UseCullingMatrixOverride: 0
  m_Cookie: {fileID: 0}
  m_DrawHalo: 0
  m_Flare: {fileID: 0}
  m_RenderMode: 0
  m_CullingMask:
    serializedVersion: 2
    m_Bits: 4294967295
  m_RenderingLayerMask: 1
  m_Lightmapping: 1
  m_LightShadowCasterMode: 0
  m_AreaSize: {x: 1, y: 1}
  m_BounceIntensity: 1
  m_ColorTemperature: 6570
  m_UseColorTemperature: 0
  m_BoundingSphereOverride: {x: 0, y: 0, z: 0, w: 0}
  m_UseBoundingSphereOverride: 0
  m_ShadowRadius: 0
  m_ShadowAngle: 0
--- !u!4 &705507995
Transform:
  m_ObjectHideFlags: 0
  m_CorrespondingSourceObject: {fileID: 0}
  m_PrefabInstance: {fileID: 0}
  m_PrefabAsset: {fileID: 0}
  m_GameObject: {fileID: 705507993}
  m_LocalRotation: {x: 0.40821788, y: -0.23456968, z: 0.10938163, w: 0.8754261}
  m_LocalPosition: {x: 0, y: 3, z: 0}
  m_LocalScale: {x: 1, y: 1, z: 1}
  m_Children: []
  m_Father: {fileID: 0}
  m_RootOrder: 2
  m_LocalEulerAnglesHint: {x: 50, y: -30, z: 0}
--- !u!1 &816224895
GameObject:
  m_ObjectHideFlags: 0
  m_CorrespondingSourceObject: {fileID: 0}
  m_PrefabInstance: {fileID: 0}
  m_PrefabAsset: {fileID: 0}
  serializedVersion: 6
  m_Component:
  - component: {fileID: 816224898}
  - component: {fileID: 816224897}
  - component: {fileID: 816224896}
  m_Layer: 0
  m_Name: EventSystem
  m_TagString: Untagged
  m_Icon: {fileID: 0}
  m_NavMeshLayer: 0
  m_StaticEditorFlags: 0
  m_IsActive: 1
--- !u!114 &816224896
MonoBehaviour:
  m_ObjectHideFlags: 0
  m_CorrespondingSourceObject: {fileID: 0}
  m_PrefabInstance: {fileID: 0}
  m_PrefabAsset: {fileID: 0}
  m_GameObject: {fileID: 816224895}
  m_Enabled: 1
  m_EditorHideFlags: 0
  m_Script: {fileID: 11500000, guid: 4f231c4fb786f3946a6b90b886c48677, type: 3}
  m_Name: 
  m_EditorClassIdentifier: 
  m_HorizontalAxis: Horizontal
  m_VerticalAxis: Vertical
  m_SubmitButton: Submit
  m_CancelButton: Cancel
  m_InputActionsPerSecond: 10
  m_RepeatDelay: 0.5
  m_ForceModuleActive: 0
--- !u!114 &816224897
MonoBehaviour:
  m_ObjectHideFlags: 0
  m_CorrespondingSourceObject: {fileID: 0}
  m_PrefabInstance: {fileID: 0}
  m_PrefabAsset: {fileID: 0}
  m_GameObject: {fileID: 816224895}
  m_Enabled: 1
  m_EditorHideFlags: 0
  m_Script: {fileID: 11500000, guid: 76c392e42b5098c458856cdf6ecaaaa1, type: 3}
  m_Name: 
  m_EditorClassIdentifier: 
  m_FirstSelected: {fileID: 0}
  m_sendNavigationEvents: 1
  m_DragThreshold: 10
--- !u!4 &816224898
Transform:
  m_ObjectHideFlags: 0
  m_CorrespondingSourceObject: {fileID: 0}
  m_PrefabInstance: {fileID: 0}
  m_PrefabAsset: {fileID: 0}
  m_GameObject: {fileID: 816224895}
  m_LocalRotation: {x: 0, y: 0, z: 0, w: 1}
  m_LocalPosition: {x: 0, y: 0, z: 0}
  m_LocalScale: {x: 1, y: 1, z: 1}
  m_Children: []
  m_Father: {fileID: 0}
  m_RootOrder: 4
  m_LocalEulerAnglesHint: {x: 0, y: 0, z: 0}
--- !u!1 &1457466435
GameObject:
  m_ObjectHideFlags: 0
  m_CorrespondingSourceObject: {fileID: 0}
  m_PrefabInstance: {fileID: 0}
  m_PrefabAsset: {fileID: 0}
  serializedVersion: 6
  m_Component:
  - component: {fileID: 1457466437}
  - component: {fileID: 1457466436}
  m_Layer: 0
  m_Name: AR Session Origin
  m_TagString: Untagged
  m_Icon: {fileID: 0}
  m_NavMeshLayer: 0
  m_StaticEditorFlags: 0
  m_IsActive: 1
--- !u!114 &1457466436
MonoBehaviour:
  m_ObjectHideFlags: 0
  m_CorrespondingSourceObject: {fileID: 0}
  m_PrefabInstance: {fileID: 0}
  m_PrefabAsset: {fileID: 0}
  m_GameObject: {fileID: 1457466435}
  m_Enabled: 1
  m_EditorHideFlags: 0
  m_Script: {fileID: 11500000, guid: 520bb47c46cf8624fafb307b7d1b862a, type: 3}
  m_Name: 
  m_EditorClassIdentifier: 
  m_Camera: {fileID: 1859491966}
--- !u!4 &1457466437
Transform:
  m_ObjectHideFlags: 0
  m_CorrespondingSourceObject: {fileID: 0}
  m_PrefabInstance: {fileID: 0}
  m_PrefabAsset: {fileID: 0}
  m_GameObject: {fileID: 1457466435}
  m_LocalRotation: {x: 0, y: 0, z: 0, w: 1}
  m_LocalPosition: {x: 0, y: 0, z: 0}
  m_LocalScale: {x: 1, y: 1, z: 1}
  m_Children:
  - {fileID: 1859491970}
  m_Father: {fileID: 0}
  m_RootOrder: 5
  m_LocalEulerAnglesHint: {x: 0, y: 0, z: 0}
--- !u!1 &1466355419
GameObject:
  m_ObjectHideFlags: 0
  m_CorrespondingSourceObject: {fileID: 0}
  m_PrefabInstance: {fileID: 0}
  m_PrefabAsset: {fileID: 0}
  serializedVersion: 6
  m_Component:
  - component: {fileID: 1466355423}
  - component: {fileID: 1466355422}
  - component: {fileID: 1466355421}
  - component: {fileID: 1466355420}
  m_Layer: 5
  m_Name: Canvas
  m_TagString: Untagged
  m_Icon: {fileID: 0}
  m_NavMeshLayer: 0
  m_StaticEditorFlags: 0
  m_IsActive: 1
--- !u!114 &1466355420
MonoBehaviour:
  m_ObjectHideFlags: 0
  m_CorrespondingSourceObject: {fileID: 0}
  m_PrefabInstance: {fileID: 0}
  m_PrefabAsset: {fileID: 0}
  m_GameObject: {fileID: 1466355419}
  m_Enabled: 1
  m_EditorHideFlags: 0
  m_Script: {fileID: 11500000, guid: dc42784cf147c0c48a680349fa168899, type: 3}
  m_Name: 
  m_EditorClassIdentifier: 
  m_IgnoreReversedGraphics: 1
  m_BlockingObjects: 0
  m_BlockingMask:
    serializedVersion: 2
    m_Bits: 4294967295
--- !u!114 &1466355421
MonoBehaviour:
  m_ObjectHideFlags: 0
  m_CorrespondingSourceObject: {fileID: 0}
  m_PrefabInstance: {fileID: 0}
  m_PrefabAsset: {fileID: 0}
  m_GameObject: {fileID: 1466355419}
  m_Enabled: 1
  m_EditorHideFlags: 0
  m_Script: {fileID: 11500000, guid: 0cd44c1031e13a943bb63640046fad76, type: 3}
  m_Name: 
  m_EditorClassIdentifier: 
  m_UiScaleMode: 0
  m_ReferencePixelsPerUnit: 100
  m_ScaleFactor: 1
  m_ReferenceResolution: {x: 800, y: 600}
  m_ScreenMatchMode: 0
  m_MatchWidthOrHeight: 0
  m_PhysicalUnit: 3
  m_FallbackScreenDPI: 96
  m_DefaultSpriteDPI: 96
  m_DynamicPixelsPerUnit: 1
--- !u!223 &1466355422
Canvas:
  m_ObjectHideFlags: 0
  m_CorrespondingSourceObject: {fileID: 0}
  m_PrefabInstance: {fileID: 0}
  m_PrefabAsset: {fileID: 0}
  m_GameObject: {fileID: 1466355419}
  m_Enabled: 1
  serializedVersion: 3
  m_RenderMode: 0
  m_Camera: {fileID: 0}
  m_PlaneDistance: 100
  m_PixelPerfect: 0
  m_ReceivesEvents: 1
  m_OverrideSorting: 0
  m_OverridePixelPerfect: 0
  m_SortingBucketNormalizedSize: 0
  m_AdditionalShaderChannelsFlag: 25
  m_SortingLayerID: 0
  m_SortingOrder: 0
  m_TargetDisplay: 0
--- !u!224 &1466355423
RectTransform:
  m_ObjectHideFlags: 0
  m_CorrespondingSourceObject: {fileID: 0}
  m_PrefabInstance: {fileID: 0}
  m_PrefabAsset: {fileID: 0}
  m_GameObject: {fileID: 1466355419}
  m_LocalRotation: {x: 0, y: 0, z: 0, w: 1}
  m_LocalPosition: {x: 0, y: 0, z: 0}
  m_LocalScale: {x: 0, y: 0, z: 0}
  m_Children:
  - {fileID: 448199363}
  - {fileID: 1571455174}
  - {fileID: 76571342}
  m_Father: {fileID: 0}
  m_RootOrder: 3
  m_LocalEulerAnglesHint: {x: 0, y: 0, z: 0}
  m_AnchorMin: {x: 0, y: 0}
  m_AnchorMax: {x: 0, y: 0}
  m_AnchoredPosition: {x: 0, y: 0}
  m_SizeDelta: {x: 0, y: 0}
  m_Pivot: {x: 0, y: 0}
--- !u!1001 &1505734103
PrefabInstance:
  m_ObjectHideFlags: 0
  serializedVersion: 2
  m_Modification:
    m_TransformParent: {fileID: 126188590}
    m_Modifications:
    - target: {fileID: 6254013913181664893, guid: 7e172efa93b92634b82b2b7dc94dcf03,
        type: 3}
      propertyPath: m_Name
      value: SoundSelection
      objectReference: {fileID: 0}
    - target: {fileID: 6254013913181664894, guid: 7e172efa93b92634b82b2b7dc94dcf03,
        type: 3}
      propertyPath: m_LocalPosition.x
      value: 0
      objectReference: {fileID: 0}
    - target: {fileID: 6254013913181664894, guid: 7e172efa93b92634b82b2b7dc94dcf03,
        type: 3}
      propertyPath: m_LocalPosition.y
      value: 0
      objectReference: {fileID: 0}
    - target: {fileID: 6254013913181664894, guid: 7e172efa93b92634b82b2b7dc94dcf03,
        type: 3}
      propertyPath: m_LocalPosition.z
      value: 0
      objectReference: {fileID: 0}
    - target: {fileID: 6254013913181664894, guid: 7e172efa93b92634b82b2b7dc94dcf03,
        type: 3}
      propertyPath: m_LocalRotation.x
      value: 0
      objectReference: {fileID: 0}
    - target: {fileID: 6254013913181664894, guid: 7e172efa93b92634b82b2b7dc94dcf03,
        type: 3}
      propertyPath: m_LocalRotation.y
      value: 0
      objectReference: {fileID: 0}
    - target: {fileID: 6254013913181664894, guid: 7e172efa93b92634b82b2b7dc94dcf03,
        type: 3}
      propertyPath: m_LocalRotation.z
      value: 0
      objectReference: {fileID: 0}
    - target: {fileID: 6254013913181664894, guid: 7e172efa93b92634b82b2b7dc94dcf03,
        type: 3}
      propertyPath: m_LocalRotation.w
      value: 1
      objectReference: {fileID: 0}
    - target: {fileID: 6254013913181664894, guid: 7e172efa93b92634b82b2b7dc94dcf03,
        type: 3}
      propertyPath: m_RootOrder
      value: 2
      objectReference: {fileID: 0}
    - target: {fileID: 6254013913181664894, guid: 7e172efa93b92634b82b2b7dc94dcf03,
        type: 3}
      propertyPath: m_LocalEulerAnglesHint.x
      value: 0
      objectReference: {fileID: 0}
    - target: {fileID: 6254013913181664894, guid: 7e172efa93b92634b82b2b7dc94dcf03,
        type: 3}
      propertyPath: m_LocalEulerAnglesHint.y
      value: 0
      objectReference: {fileID: 0}
    - target: {fileID: 6254013913181664894, guid: 7e172efa93b92634b82b2b7dc94dcf03,
        type: 3}
      propertyPath: m_LocalEulerAnglesHint.z
      value: 0
      objectReference: {fileID: 0}
    m_RemovedComponents: []
  m_SourcePrefab: {fileID: 100100000, guid: 7e172efa93b92634b82b2b7dc94dcf03, type: 3}
--- !u!1 &1505734104 stripped
GameObject:
  m_CorrespondingSourceObject: {fileID: 6254013913181664893, guid: 7e172efa93b92634b82b2b7dc94dcf03,
    type: 3}
  m_PrefabInstance: {fileID: 1505734103}
  m_PrefabAsset: {fileID: 0}
--- !u!4 &1505734105 stripped
Transform:
  m_CorrespondingSourceObject: {fileID: 6254013913181664894, guid: 7e172efa93b92634b82b2b7dc94dcf03,
    type: 3}
  m_PrefabInstance: {fileID: 1505734103}
  m_PrefabAsset: {fileID: 0}
--- !u!224 &1571455174 stripped
RectTransform:
  m_CorrespondingSourceObject: {fileID: 6982378844773935912, guid: 3c6daecda11b6984c8d5d87a85f5ae1a,
    type: 3}
  m_PrefabInstance: {fileID: 6982378846022101998}
  m_PrefabAsset: {fileID: 0}
--- !u!1001 &1814518379
PrefabInstance:
  m_ObjectHideFlags: 0
  serializedVersion: 2
  m_Modification:
    m_TransformParent: {fileID: 126188590}
    m_Modifications:
    - target: {fileID: 7107584603874599092, guid: 96e76ff897295624791519fa56acc9f1,
        type: 3}
      propertyPath: m_Name
      value: SelectBlockMiddleScreen
      objectReference: {fileID: 0}
    - target: {fileID: 7107584603874599095, guid: 96e76ff897295624791519fa56acc9f1,
        type: 3}
      propertyPath: m_LocalPosition.x
      value: 0
      objectReference: {fileID: 0}
    - target: {fileID: 7107584603874599095, guid: 96e76ff897295624791519fa56acc9f1,
        type: 3}
      propertyPath: m_LocalPosition.y
      value: 0
      objectReference: {fileID: 0}
    - target: {fileID: 7107584603874599095, guid: 96e76ff897295624791519fa56acc9f1,
        type: 3}
      propertyPath: m_LocalPosition.z
      value: 0
      objectReference: {fileID: 0}
    - target: {fileID: 7107584603874599095, guid: 96e76ff897295624791519fa56acc9f1,
        type: 3}
      propertyPath: m_LocalRotation.x
      value: 0
      objectReference: {fileID: 0}
    - target: {fileID: 7107584603874599095, guid: 96e76ff897295624791519fa56acc9f1,
        type: 3}
      propertyPath: m_LocalRotation.y
      value: 0
      objectReference: {fileID: 0}
    - target: {fileID: 7107584603874599095, guid: 96e76ff897295624791519fa56acc9f1,
        type: 3}
      propertyPath: m_LocalRotation.z
      value: 0
      objectReference: {fileID: 0}
    - target: {fileID: 7107584603874599095, guid: 96e76ff897295624791519fa56acc9f1,
        type: 3}
      propertyPath: m_LocalRotation.w
      value: 1
      objectReference: {fileID: 0}
    - target: {fileID: 7107584603874599095, guid: 96e76ff897295624791519fa56acc9f1,
        type: 3}
      propertyPath: m_RootOrder
      value: 1
      objectReference: {fileID: 0}
    - target: {fileID: 7107584603874599095, guid: 96e76ff897295624791519fa56acc9f1,
        type: 3}
      propertyPath: m_LocalEulerAnglesHint.x
      value: 0
      objectReference: {fileID: 0}
    - target: {fileID: 7107584603874599095, guid: 96e76ff897295624791519fa56acc9f1,
        type: 3}
      propertyPath: m_LocalEulerAnglesHint.y
      value: 0
      objectReference: {fileID: 0}
    - target: {fileID: 7107584603874599095, guid: 96e76ff897295624791519fa56acc9f1,
        type: 3}
      propertyPath: m_LocalEulerAnglesHint.z
      value: 0
      objectReference: {fileID: 0}
    m_RemovedComponents: []
  m_SourcePrefab: {fileID: 100100000, guid: 96e76ff897295624791519fa56acc9f1, type: 3}
--- !u!1 &1814518380 stripped
GameObject:
  m_CorrespondingSourceObject: {fileID: 7107584603874599092, guid: 96e76ff897295624791519fa56acc9f1,
    type: 3}
  m_PrefabInstance: {fileID: 1814518379}
  m_PrefabAsset: {fileID: 0}
--- !u!4 &1814518381 stripped
Transform:
  m_CorrespondingSourceObject: {fileID: 7107584603874599095, guid: 96e76ff897295624791519fa56acc9f1,
    type: 3}
  m_PrefabInstance: {fileID: 1814518379}
  m_PrefabAsset: {fileID: 0}
--- !u!1 &1859491965
GameObject:
  m_ObjectHideFlags: 0
  m_CorrespondingSourceObject: {fileID: 0}
  m_PrefabInstance: {fileID: 0}
  m_PrefabAsset: {fileID: 0}
  serializedVersion: 6
  m_Component:
  - component: {fileID: 1859491970}
  - component: {fileID: 1859491966}
  - component: {fileID: 1859491969}
  - component: {fileID: 1859491968}
  - component: {fileID: 1859491967}
  m_Layer: 0
  m_Name: AR Camera
  m_TagString: MainCamera
  m_Icon: {fileID: 0}
  m_NavMeshLayer: 0
  m_StaticEditorFlags: 0
  m_IsActive: 1
--- !u!20 &1859491966
Camera:
  m_ObjectHideFlags: 0
  m_CorrespondingSourceObject: {fileID: 0}
  m_PrefabInstance: {fileID: 0}
  m_PrefabAsset: {fileID: 0}
  m_GameObject: {fileID: 1859491965}
  m_Enabled: 1
  serializedVersion: 2
  m_ClearFlags: 2
  m_BackGroundColor: {r: 1, g: 1, b: 1, a: 1}
  m_projectionMatrixMode: 1
  m_GateFitMode: 2
  m_FOVAxisMode: 0
  m_SensorSize: {x: 36, y: 24}
  m_LensShift: {x: 0, y: 0}
  m_FocalLength: 50
  m_NormalizedViewPortRect:
    serializedVersion: 2
    x: 0
    y: 0
    width: 1
    height: 1
  near clip plane: 0.1
  far clip plane: 20
  field of view: 60
  orthographic: 0
  orthographic size: 5
  m_Depth: 0
  m_CullingMask:
    serializedVersion: 2
    m_Bits: 4294967295
  m_RenderingPath: -1
  m_TargetTexture: {fileID: 0}
  m_TargetDisplay: 0
  m_TargetEye: 3
  m_HDR: 1
  m_AllowMSAA: 1
  m_AllowDynamicResolution: 0
  m_ForceIntoRT: 0
  m_OcclusionCulling: 1
  m_StereoConvergence: 10
  m_StereoSeparation: 0.022
--- !u!114 &1859491967
MonoBehaviour:
  m_ObjectHideFlags: 0
  m_CorrespondingSourceObject: {fileID: 0}
  m_PrefabInstance: {fileID: 0}
  m_PrefabAsset: {fileID: 0}
  m_GameObject: {fileID: 1859491965}
  m_Enabled: 1
  m_EditorHideFlags: 0
  m_Script: {fileID: 11500000, guid: 816b289ef451e094f9ae174fb4cf8db0, type: 3}
  m_Name: 
  m_EditorClassIdentifier: 
  m_UseCustomMaterial: 0
  m_CustomMaterial: {fileID: 0}
  m_UseCustomRendererAsset: 0
  m_CustomRendererAsset: {fileID: 0}
--- !u!114 &1859491968
MonoBehaviour:
  m_ObjectHideFlags: 0
  m_CorrespondingSourceObject: {fileID: 0}
  m_PrefabInstance: {fileID: 0}
  m_PrefabAsset: {fileID: 0}
  m_GameObject: {fileID: 1859491965}
  m_Enabled: 1
  m_EditorHideFlags: 0
  m_Script: {fileID: 11500000, guid: 4966719baa26e4b0e8231a24d9bd491a, type: 3}
  m_Name: 
  m_EditorClassIdentifier: 
  m_FocusMode: 1
  m_LightEstimationMode: 0
--- !u!114 &1859491969
MonoBehaviour:
  m_ObjectHideFlags: 0
  m_CorrespondingSourceObject: {fileID: 0}
  m_PrefabInstance: {fileID: 0}
  m_PrefabAsset: {fileID: 0}
  m_GameObject: {fileID: 1859491965}
  m_Enabled: 1
  m_EditorHideFlags: 0
  m_Script: {fileID: 11500000, guid: 5a2a9c34df4095f47b9ca8f975175f5b, type: 3}
  m_Name: 
  m_EditorClassIdentifier: 
  m_Device: 0
  m_PoseSource: 6
  m_PoseProviderComponent: {fileID: 0}
  m_TrackingType: 0
  m_UpdateType: 0
  m_UseRelativeTransform: 0
--- !u!4 &1859491970
Transform:
  m_ObjectHideFlags: 0
  m_CorrespondingSourceObject: {fileID: 0}
  m_PrefabInstance: {fileID: 0}
  m_PrefabAsset: {fileID: 0}
  m_GameObject: {fileID: 1859491965}
  m_LocalRotation: {x: -0, y: -0, z: -0, w: 1}
  m_LocalPosition: {x: 0, y: 0, z: 0}
  m_LocalScale: {x: 1, y: 1, z: 1}
  m_Children: []
  m_Father: {fileID: 1457466437}
  m_RootOrder: 0
  m_LocalEulerAnglesHint: {x: 0, y: 0, z: 0}
--- !u!1001 &2012552680
PrefabInstance:
  m_ObjectHideFlags: 0
  serializedVersion: 2
  m_Modification:
    m_TransformParent: {fileID: 0}
    m_Modifications:
    - target: {fileID: 2051198565672030360, guid: 3491724df527bff4aa95bff9572349ac,
        type: 3}
      propertyPath: m_Name
      value: _RandomSpawner
      objectReference: {fileID: 0}
    - target: {fileID: 2051198565672030364, guid: 3491724df527bff4aa95bff9572349ac,
        type: 3}
      propertyPath: offset
      value: 
      objectReference: {fileID: 11400000, guid: d6993de07c3809148ad85b991c1ad4c4,
        type: 2}
    - target: {fileID: 2051198565672030365, guid: 3491724df527bff4aa95bff9572349ac,
        type: 3}
      propertyPath: gameObjectsPrefabs.Array.size
      value: 2
      objectReference: {fileID: 0}
    - target: {fileID: 2051198565672030365, guid: 3491724df527bff4aa95bff9572349ac,
        type: 3}
      propertyPath: transformRoot
      value: 
      objectReference: {fileID: 2012552681}
    - target: {fileID: 2051198565672030365, guid: 3491724df527bff4aa95bff9572349ac,
        type: 3}
      propertyPath: gameObjectsPrefabs.Array.data[0]
      value: 
      objectReference: {fileID: 8870641840993213420, guid: aa7346bcc0775d1468e82cb3b8a38bf3,
        type: 3}
    - target: {fileID: 2051198565672030365, guid: 3491724df527bff4aa95bff9572349ac,
        type: 3}
      propertyPath: gameObjectsPrefabs.Array.data[1]
      value: 
      objectReference: {fileID: 1187785465433023570, guid: df2503185935c0d44a87b3b8b75512bd,
        type: 3}
    - target: {fileID: 2051198565672030366, guid: 3491724df527bff4aa95bff9572349ac,
        type: 3}
      propertyPath: m_LocalPosition.x
      value: 0
      objectReference: {fileID: 0}
    - target: {fileID: 2051198565672030366, guid: 3491724df527bff4aa95bff9572349ac,
        type: 3}
      propertyPath: m_LocalPosition.y
      value: 0
      objectReference: {fileID: 0}
    - target: {fileID: 2051198565672030366, guid: 3491724df527bff4aa95bff9572349ac,
        type: 3}
      propertyPath: m_LocalPosition.z
      value: 0
      objectReference: {fileID: 0}
    - target: {fileID: 2051198565672030366, guid: 3491724df527bff4aa95bff9572349ac,
        type: 3}
      propertyPath: m_LocalRotation.x
      value: 0
      objectReference: {fileID: 0}
    - target: {fileID: 2051198565672030366, guid: 3491724df527bff4aa95bff9572349ac,
        type: 3}
      propertyPath: m_LocalRotation.y
      value: 0
      objectReference: {fileID: 0}
    - target: {fileID: 2051198565672030366, guid: 3491724df527bff4aa95bff9572349ac,
        type: 3}
      propertyPath: m_LocalRotation.z
      value: 0
      objectReference: {fileID: 0}
    - target: {fileID: 2051198565672030366, guid: 3491724df527bff4aa95bff9572349ac,
        type: 3}
      propertyPath: m_LocalRotation.w
      value: 1
      objectReference: {fileID: 0}
    - target: {fileID: 2051198565672030366, guid: 3491724df527bff4aa95bff9572349ac,
        type: 3}
      propertyPath: m_RootOrder
      value: 1
      objectReference: {fileID: 0}
    - target: {fileID: 2051198565672030366, guid: 3491724df527bff4aa95bff9572349ac,
        type: 3}
      propertyPath: m_LocalEulerAnglesHint.x
      value: 0
      objectReference: {fileID: 0}
    - target: {fileID: 2051198565672030366, guid: 3491724df527bff4aa95bff9572349ac,
        type: 3}
      propertyPath: m_LocalEulerAnglesHint.y
      value: 0
      objectReference: {fileID: 0}
    - target: {fileID: 2051198565672030366, guid: 3491724df527bff4aa95bff9572349ac,
        type: 3}
      propertyPath: m_LocalEulerAnglesHint.z
      value: 0
      objectReference: {fileID: 0}
    m_RemovedComponents: []
  m_SourcePrefab: {fileID: 100100000, guid: 3491724df527bff4aa95bff9572349ac, type: 3}
--- !u!4 &2012552681 stripped
Transform:
  m_CorrespondingSourceObject: {fileID: 2051198565672030366, guid: 3491724df527bff4aa95bff9572349ac,
    type: 3}
  m_PrefabInstance: {fileID: 2012552680}
  m_PrefabAsset: {fileID: 0}
--- !u!1 &2124077132
GameObject:
  m_ObjectHideFlags: 0
  m_CorrespondingSourceObject: {fileID: 0}
  m_PrefabInstance: {fileID: 0}
  m_PrefabAsset: {fileID: 0}
  serializedVersion: 6
  m_Component:
  - component: {fileID: 2124077135}
  - component: {fileID: 2124077134}
  - component: {fileID: 2124077133}
  m_Layer: 0
  m_Name: AR Session
  m_TagString: Untagged
  m_Icon: {fileID: 0}
  m_NavMeshLayer: 0
  m_StaticEditorFlags: 0
  m_IsActive: 1
--- !u!114 &2124077133
MonoBehaviour:
  m_ObjectHideFlags: 0
  m_CorrespondingSourceObject: {fileID: 0}
  m_PrefabInstance: {fileID: 0}
  m_PrefabAsset: {fileID: 0}
  m_GameObject: {fileID: 2124077132}
  m_Enabled: 1
  m_EditorHideFlags: 0
  m_Script: {fileID: 11500000, guid: fa850fbd5b8aded44846f96e35f1a9f5, type: 3}
  m_Name: 
  m_EditorClassIdentifier: 
--- !u!114 &2124077134
MonoBehaviour:
  m_ObjectHideFlags: 0
  m_CorrespondingSourceObject: {fileID: 0}
  m_PrefabInstance: {fileID: 0}
  m_PrefabAsset: {fileID: 0}
  m_GameObject: {fileID: 2124077132}
  m_Enabled: 1
  m_EditorHideFlags: 0
  m_Script: {fileID: 11500000, guid: 3859a92a05d4f5d418cb6ca605290e74, type: 3}
  m_Name: 
  m_EditorClassIdentifier: 
  m_AttemptUpdate: 1
  m_MatchFrameRate: 1
--- !u!4 &2124077135
Transform:
  m_ObjectHideFlags: 0
  m_CorrespondingSourceObject: {fileID: 0}
  m_PrefabInstance: {fileID: 0}
  m_PrefabAsset: {fileID: 0}
  m_GameObject: {fileID: 2124077132}
  m_LocalRotation: {x: 0, y: 0, z: 0, w: 1}
  m_LocalPosition: {x: 0, y: 0, z: 0}
  m_LocalScale: {x: 1, y: 1, z: 1}
  m_Children: []
  m_Father: {fileID: 0}
  m_RootOrder: 6
  m_LocalEulerAnglesHint: {x: 0, y: 0, z: 0}
--- !u!1001 &3730556003813232235
PrefabInstance:
  m_ObjectHideFlags: 0
  serializedVersion: 2
  m_Modification:
    m_TransformParent: {fileID: 1466355423}
    m_Modifications:
    - target: {fileID: 3730556003969397928, guid: 8b4fcf2cfac4c044aaa192e90d2794aa,
        type: 3}
      propertyPath: m_LocalPosition.x
      value: 0
      objectReference: {fileID: 0}
    - target: {fileID: 3730556003969397928, guid: 8b4fcf2cfac4c044aaa192e90d2794aa,
        type: 3}
      propertyPath: m_LocalPosition.y
      value: 0
      objectReference: {fileID: 0}
    - target: {fileID: 3730556003969397928, guid: 8b4fcf2cfac4c044aaa192e90d2794aa,
        type: 3}
      propertyPath: m_LocalPosition.z
      value: 0
      objectReference: {fileID: 0}
    - target: {fileID: 3730556003969397928, guid: 8b4fcf2cfac4c044aaa192e90d2794aa,
        type: 3}
      propertyPath: m_LocalRotation.x
      value: 0
      objectReference: {fileID: 0}
    - target: {fileID: 3730556003969397928, guid: 8b4fcf2cfac4c044aaa192e90d2794aa,
        type: 3}
      propertyPath: m_LocalRotation.y
      value: 0
      objectReference: {fileID: 0}
    - target: {fileID: 3730556003969397928, guid: 8b4fcf2cfac4c044aaa192e90d2794aa,
        type: 3}
      propertyPath: m_LocalRotation.z
      value: 0
      objectReference: {fileID: 0}
    - target: {fileID: 3730556003969397928, guid: 8b4fcf2cfac4c044aaa192e90d2794aa,
        type: 3}
      propertyPath: m_LocalRotation.w
      value: 1
      objectReference: {fileID: 0}
    - target: {fileID: 3730556003969397928, guid: 8b4fcf2cfac4c044aaa192e90d2794aa,
        type: 3}
      propertyPath: m_RootOrder
      value: 0
      objectReference: {fileID: 0}
    - target: {fileID: 3730556003969397928, guid: 8b4fcf2cfac4c044aaa192e90d2794aa,
        type: 3}
      propertyPath: m_LocalEulerAnglesHint.x
      value: 0
      objectReference: {fileID: 0}
    - target: {fileID: 3730556003969397928, guid: 8b4fcf2cfac4c044aaa192e90d2794aa,
        type: 3}
      propertyPath: m_LocalEulerAnglesHint.y
      value: 0
      objectReference: {fileID: 0}
    - target: {fileID: 3730556003969397928, guid: 8b4fcf2cfac4c044aaa192e90d2794aa,
        type: 3}
      propertyPath: m_LocalEulerAnglesHint.z
      value: 0
      objectReference: {fileID: 0}
    - target: {fileID: 3730556003969397928, guid: 8b4fcf2cfac4c044aaa192e90d2794aa,
        type: 3}
      propertyPath: m_AnchoredPosition.x
      value: 0
      objectReference: {fileID: 0}
    - target: {fileID: 3730556003969397928, guid: 8b4fcf2cfac4c044aaa192e90d2794aa,
        type: 3}
      propertyPath: m_AnchoredPosition.y
      value: 0
      objectReference: {fileID: 0}
    - target: {fileID: 3730556003969397928, guid: 8b4fcf2cfac4c044aaa192e90d2794aa,
        type: 3}
      propertyPath: m_SizeDelta.x
      value: 226.5
      objectReference: {fileID: 0}
    - target: {fileID: 3730556003969397928, guid: 8b4fcf2cfac4c044aaa192e90d2794aa,
        type: 3}
      propertyPath: m_SizeDelta.y
      value: 92.7
      objectReference: {fileID: 0}
    - target: {fileID: 3730556003969397928, guid: 8b4fcf2cfac4c044aaa192e90d2794aa,
        type: 3}
      propertyPath: m_AnchorMin.x
      value: 1
      objectReference: {fileID: 0}
    - target: {fileID: 3730556003969397928, guid: 8b4fcf2cfac4c044aaa192e90d2794aa,
        type: 3}
      propertyPath: m_AnchorMin.y
      value: 0
      objectReference: {fileID: 0}
    - target: {fileID: 3730556003969397928, guid: 8b4fcf2cfac4c044aaa192e90d2794aa,
        type: 3}
      propertyPath: m_AnchorMax.x
      value: 1
      objectReference: {fileID: 0}
    - target: {fileID: 3730556003969397928, guid: 8b4fcf2cfac4c044aaa192e90d2794aa,
        type: 3}
      propertyPath: m_AnchorMax.y
      value: 0
      objectReference: {fileID: 0}
    - target: {fileID: 3730556003969397928, guid: 8b4fcf2cfac4c044aaa192e90d2794aa,
        type: 3}
      propertyPath: m_Pivot.x
      value: 1
      objectReference: {fileID: 0}
    - target: {fileID: 3730556003969397928, guid: 8b4fcf2cfac4c044aaa192e90d2794aa,
        type: 3}
      propertyPath: m_Pivot.y
      value: 0
      objectReference: {fileID: 0}
    - target: {fileID: 3730556003969397929, guid: 8b4fcf2cfac4c044aaa192e90d2794aa,
        type: 3}
      propertyPath: m_Name
      value: Button_Select
      objectReference: {fileID: 0}
    m_RemovedComponents: []
  m_SourcePrefab: {fileID: 100100000, guid: 8b4fcf2cfac4c044aaa192e90d2794aa, type: 3}
--- !u!1001 &5273751791599206561
PrefabInstance:
  m_ObjectHideFlags: 0
  serializedVersion: 2
  m_Modification:
    m_TransformParent: {fileID: 1466355423}
    m_Modifications:
    - target: {fileID: 5273751791656870508, guid: e33fa8a6510daf04f8d5098aa4db1eaa,
        type: 3}
      propertyPath: m_Name
      value: CrossHair
      objectReference: {fileID: 0}
    - target: {fileID: 5273751791656870511, guid: e33fa8a6510daf04f8d5098aa4db1eaa,
        type: 3}
      propertyPath: m_LocalPosition.x
      value: 0
      objectReference: {fileID: 0}
    - target: {fileID: 5273751791656870511, guid: e33fa8a6510daf04f8d5098aa4db1eaa,
        type: 3}
      propertyPath: m_LocalPosition.y
      value: 0
      objectReference: {fileID: 0}
    - target: {fileID: 5273751791656870511, guid: e33fa8a6510daf04f8d5098aa4db1eaa,
        type: 3}
      propertyPath: m_LocalPosition.z
      value: 0
      objectReference: {fileID: 0}
    - target: {fileID: 5273751791656870511, guid: e33fa8a6510daf04f8d5098aa4db1eaa,
        type: 3}
      propertyPath: m_LocalRotation.x
      value: 0
      objectReference: {fileID: 0}
    - target: {fileID: 5273751791656870511, guid: e33fa8a6510daf04f8d5098aa4db1eaa,
        type: 3}
      propertyPath: m_LocalRotation.y
      value: 0
      objectReference: {fileID: 0}
    - target: {fileID: 5273751791656870511, guid: e33fa8a6510daf04f8d5098aa4db1eaa,
        type: 3}
      propertyPath: m_LocalRotation.z
      value: 0
      objectReference: {fileID: 0}
    - target: {fileID: 5273751791656870511, guid: e33fa8a6510daf04f8d5098aa4db1eaa,
        type: 3}
      propertyPath: m_LocalRotation.w
      value: 1
      objectReference: {fileID: 0}
    - target: {fileID: 5273751791656870511, guid: e33fa8a6510daf04f8d5098aa4db1eaa,
        type: 3}
      propertyPath: m_RootOrder
      value: 2
      objectReference: {fileID: 0}
    - target: {fileID: 5273751791656870511, guid: e33fa8a6510daf04f8d5098aa4db1eaa,
        type: 3}
      propertyPath: m_LocalEulerAnglesHint.x
      value: 0
      objectReference: {fileID: 0}
    - target: {fileID: 5273751791656870511, guid: e33fa8a6510daf04f8d5098aa4db1eaa,
        type: 3}
      propertyPath: m_LocalEulerAnglesHint.y
      value: 0
      objectReference: {fileID: 0}
    - target: {fileID: 5273751791656870511, guid: e33fa8a6510daf04f8d5098aa4db1eaa,
        type: 3}
      propertyPath: m_LocalEulerAnglesHint.z
      value: 0
      objectReference: {fileID: 0}
    - target: {fileID: 5273751791656870511, guid: e33fa8a6510daf04f8d5098aa4db1eaa,
        type: 3}
      propertyPath: m_AnchoredPosition.x
      value: -1.6
      objectReference: {fileID: 0}
    - target: {fileID: 5273751791656870511, guid: e33fa8a6510daf04f8d5098aa4db1eaa,
        type: 3}
      propertyPath: m_AnchoredPosition.y
      value: -1.6
      objectReference: {fileID: 0}
    - target: {fileID: 5273751791656870511, guid: e33fa8a6510daf04f8d5098aa4db1eaa,
        type: 3}
      propertyPath: m_SizeDelta.x
      value: 128
      objectReference: {fileID: 0}
    - target: {fileID: 5273751791656870511, guid: e33fa8a6510daf04f8d5098aa4db1eaa,
        type: 3}
      propertyPath: m_SizeDelta.y
      value: 128
      objectReference: {fileID: 0}
    - target: {fileID: 5273751791656870511, guid: e33fa8a6510daf04f8d5098aa4db1eaa,
        type: 3}
      propertyPath: m_AnchorMin.x
      value: 0.5
      objectReference: {fileID: 0}
    - target: {fileID: 5273751791656870511, guid: e33fa8a6510daf04f8d5098aa4db1eaa,
        type: 3}
      propertyPath: m_AnchorMin.y
      value: 0.5
      objectReference: {fileID: 0}
    - target: {fileID: 5273751791656870511, guid: e33fa8a6510daf04f8d5098aa4db1eaa,
        type: 3}
      propertyPath: m_AnchorMax.x
      value: 0.5
      objectReference: {fileID: 0}
    - target: {fileID: 5273751791656870511, guid: e33fa8a6510daf04f8d5098aa4db1eaa,
        type: 3}
      propertyPath: m_AnchorMax.y
      value: 0.5
      objectReference: {fileID: 0}
    - target: {fileID: 5273751791656870511, guid: e33fa8a6510daf04f8d5098aa4db1eaa,
        type: 3}
      propertyPath: m_Pivot.x
      value: 0.5
      objectReference: {fileID: 0}
    - target: {fileID: 5273751791656870511, guid: e33fa8a6510daf04f8d5098aa4db1eaa,
        type: 3}
      propertyPath: m_Pivot.y
      value: 0.5
      objectReference: {fileID: 0}
    m_RemovedComponents: []
  m_SourcePrefab: {fileID: 100100000, guid: e33fa8a6510daf04f8d5098aa4db1eaa, type: 3}
--- !u!1001 &6982378846022101998
PrefabInstance:
  m_ObjectHideFlags: 0
  serializedVersion: 2
  m_Modification:
    m_TransformParent: {fileID: 1466355423}
    m_Modifications:
    - target: {fileID: 6982378844773935912, guid: 3c6daecda11b6984c8d5d87a85f5ae1a,
        type: 3}
      propertyPath: m_LocalPosition.x
      value: 0
      objectReference: {fileID: 0}
    - target: {fileID: 6982378844773935912, guid: 3c6daecda11b6984c8d5d87a85f5ae1a,
        type: 3}
      propertyPath: m_LocalPosition.y
      value: 0
      objectReference: {fileID: 0}
    - target: {fileID: 6982378844773935912, guid: 3c6daecda11b6984c8d5d87a85f5ae1a,
        type: 3}
      propertyPath: m_LocalPosition.z
      value: 0
      objectReference: {fileID: 0}
    - target: {fileID: 6982378844773935912, guid: 3c6daecda11b6984c8d5d87a85f5ae1a,
        type: 3}
      propertyPath: m_LocalRotation.x
      value: 0
      objectReference: {fileID: 0}
    - target: {fileID: 6982378844773935912, guid: 3c6daecda11b6984c8d5d87a85f5ae1a,
        type: 3}
      propertyPath: m_LocalRotation.y
      value: 0
      objectReference: {fileID: 0}
    - target: {fileID: 6982378844773935912, guid: 3c6daecda11b6984c8d5d87a85f5ae1a,
        type: 3}
      propertyPath: m_LocalRotation.z
      value: 0
      objectReference: {fileID: 0}
    - target: {fileID: 6982378844773935912, guid: 3c6daecda11b6984c8d5d87a85f5ae1a,
        type: 3}
      propertyPath: m_LocalRotation.w
      value: 1
      objectReference: {fileID: 0}
    - target: {fileID: 6982378844773935912, guid: 3c6daecda11b6984c8d5d87a85f5ae1a,
        type: 3}
      propertyPath: m_RootOrder
      value: 1
      objectReference: {fileID: 0}
    - target: {fileID: 6982378844773935912, guid: 3c6daecda11b6984c8d5d87a85f5ae1a,
        type: 3}
      propertyPath: m_LocalEulerAnglesHint.x
      value: 0
      objectReference: {fileID: 0}
    - target: {fileID: 6982378844773935912, guid: 3c6daecda11b6984c8d5d87a85f5ae1a,
        type: 3}
      propertyPath: m_LocalEulerAnglesHint.y
      value: 0
      objectReference: {fileID: 0}
    - target: {fileID: 6982378844773935912, guid: 3c6daecda11b6984c8d5d87a85f5ae1a,
        type: 3}
      propertyPath: m_LocalEulerAnglesHint.z
      value: 0
      objectReference: {fileID: 0}
    - target: {fileID: 6982378844773935912, guid: 3c6daecda11b6984c8d5d87a85f5ae1a,
        type: 3}
      propertyPath: m_AnchoredPosition.x
      value: 0
      objectReference: {fileID: 0}
    - target: {fileID: 6982378844773935912, guid: 3c6daecda11b6984c8d5d87a85f5ae1a,
        type: 3}
      propertyPath: m_AnchoredPosition.y
      value: 0
      objectReference: {fileID: 0}
    - target: {fileID: 6982378844773935912, guid: 3c6daecda11b6984c8d5d87a85f5ae1a,
        type: 3}
      propertyPath: m_SizeDelta.x
      value: 154.72
      objectReference: {fileID: 0}
    - target: {fileID: 6982378844773935912, guid: 3c6daecda11b6984c8d5d87a85f5ae1a,
        type: 3}
      propertyPath: m_SizeDelta.y
      value: 66.3
      objectReference: {fileID: 0}
    - target: {fileID: 6982378844773935912, guid: 3c6daecda11b6984c8d5d87a85f5ae1a,
        type: 3}
      propertyPath: m_AnchorMin.x
      value: 0
      objectReference: {fileID: 0}
    - target: {fileID: 6982378844773935912, guid: 3c6daecda11b6984c8d5d87a85f5ae1a,
        type: 3}
      propertyPath: m_AnchorMin.y
      value: 1
      objectReference: {fileID: 0}
    - target: {fileID: 6982378844773935912, guid: 3c6daecda11b6984c8d5d87a85f5ae1a,
        type: 3}
      propertyPath: m_AnchorMax.x
      value: 0
      objectReference: {fileID: 0}
    - target: {fileID: 6982378844773935912, guid: 3c6daecda11b6984c8d5d87a85f5ae1a,
        type: 3}
      propertyPath: m_AnchorMax.y
      value: 1
      objectReference: {fileID: 0}
    - target: {fileID: 6982378844773935912, guid: 3c6daecda11b6984c8d5d87a85f5ae1a,
        type: 3}
      propertyPath: m_Pivot.x
      value: 0
      objectReference: {fileID: 0}
    - target: {fileID: 6982378844773935912, guid: 3c6daecda11b6984c8d5d87a85f5ae1a,
        type: 3}
      propertyPath: m_Pivot.y
      value: 1
      objectReference: {fileID: 0}
    - target: {fileID: 6982378844773935915, guid: 3c6daecda11b6984c8d5d87a85f5ae1a,
        type: 3}
      propertyPath: m_Name
      value: Button_Back
      objectReference: {fileID: 0}
    m_RemovedComponents: []
  m_SourcePrefab: {fileID: 100100000, guid: 3c6daecda11b6984c8d5d87a85f5ae1a, type: 3}
